@article{gatys2015neural,
  title={A neural algorithm of artistic style},
  author={Gatys, Leon A and Ecker, Alexander S and Bethge, Matthias},
  journal={arXiv preprint arXiv:1508.06576},
  year={2015}
}

@article{gatys2015texture,
  title={Texture synthesis and the controlled generation of natural stimuli using convolutional neural networks},
  author={Gatys, Leon A and Ecker, Alexander S and Bethge, Matthias},
  journal={arXiv preprint arXiv:1505.07376},
  year={2015}
}

@article{van2015blocks,
  title={Blocks and fuel: Frameworks for deep learning},
  author={van Merri{\"e}nboer, Bart and Bahdanau, Dzmitry and Dumoulin, Vincent and Serdyuk, Dmitriy and Warde-Farley, David and Chorowski, Jan and Bengio, Yoshua},
  journal={arXiv preprint arXiv:1506.00619},
  year={2015}
}

@article{bastien2012theano,
  title={Theano: new features and speed improvements},
  author={Bastien, Fr{\'e}d{\'e}ric and Lamblin, Pascal and Pascanu, Razvan and Bergstra, James and Goodfellow, Ian and Bergeron, Arnaud and Bouchard, Nicolas and Warde-Farley, David and Bengio, Yoshua},
  journal={arXiv preprint arXiv:1211.5590},
  year={2012}
}

@article{kingma2014adam,
  title={Adam: A method for stochastic optimization},
  author={Kingma, Diederik and Ba, Jimmy},
  journal={arXiv preprint arXiv:1412.6980},
  year={2014}
}

@ARTICLE{2016arXiv160303417U,
   author = {{Ulyanov}, D. and {Lebedev}, V. and {Vedaldi}, A. and {Lempitsky}, V.
	},
    title = "{Texture Networks: Feed-forward Synthesis of Textures and Stylized Images}",
  journal = {ArXiv e-prints},
archivePrefix = "arXiv",
   eprint = {1603.03417},
 primaryClass = "cs.CV",
 keywords = {Computer Science - Computer Vision and Pattern Recognition},
     year = 2016,
    month = mar,
   adsurl = {http://adsabs.harvard.edu/abs/2016arXiv160303417U},
  adsnote = {Provided by the SAO/NASA Astrophysics Data System}
}
